%% This BibTeX bibliography file was created using BibDesk.
%% http://bibdesk.sourceforge.net/

%% Created for Christof Pfannenm√ºller at 2015-11-13 07:57:36 +0100 


%% Saved with string encoding Unicode (UTF-8) 



@article{cite-key1,
	Author = {testautor },
	Date-Added = {2015-11-13 06:46:19 +0000},
	Date-Modified = {2015-11-13 06:57:27 +0000},
	Journal = {das journal},
	Keywords = {keyowrd},
	Title = {der titel des biches},
	Year = {2015}}
