%% This BibTeX bibliography file was created using BibDesk.
%% http://bibdesk.sourceforge.net/

%% Created for Christof Pfannenm√ºller at 2015-12-08 20:36:38 +0100 


%% Saved with string encoding Unicode (UTF-8) 



@electronic{q,
	Date-Added = {2015-12-08 19:35:39 +0000},
	Date-Modified = {2015-12-08 19:36:10 +0000}}

@url{LEDWS2812,
	Author = {Sparkfun},
	Date-Added = {2015-11-26 11:17:38 +0000},
	Date-Modified = {2015-11-26 11:19:03 +0000},
	Keywords = {LED},
	Title = {LED - SMD RGB (WS2812)},
	Url = {https://www.sparkfun.com/products/11821},
	Bdsk-Url-1 = {https://www.sparkfun.com/products/11821}}

@url{cite-key,
	Date-Added = {2015-11-26 11:16:41 +0000},
	Date-Modified = {2015-11-26 11:17:01 +0000}}

@url{MagnShop,
	Author = {Magnet-Shop},
	Date-Added = {2015-11-20 11:48:12 +0000},
	Date-Modified = {2015-11-20 11:49:02 +0000},
	Title = {Scheibenmagnete aus Neodym},
	Bdsk-Url-1 = {https://www.magnet-shop.net/neodym/scheibenmagnete}}

@url{mikrcTutSchiebe,
	Author = {Mikrocontroller.net},
	Date-Added = {2015-11-20 11:08:46 +0000},
	Date-Modified = {2015-11-20 11:10:05 +0000},
	Title = {AVR-Tutorial: Schieberegister},
	Url = {https://www.mikrocontroller.net/articles/AVR-Tutorial:_Schieberegister},
	Bdsk-Url-1 = {https://www.mikrocontroller.net/articles/AVR-Tutorial:_Schieberegister}}

@webpage{NeopixelAdafruit,
	Abstract = {Allgemeines
Modellbezeichnung
stromgesteuerter PWM-Controller
Geh{\"a}use
DIP-8
Bauform
DIP-8
Temperaturbereich
0 {\ldots} 70 $\,^{\circ}$C
Ma{\ss}e
L{\"a}nge
9,8 mm
Breite
7,1 mm
H{\"o}he
4,8 mm
Elektrische Werte
Versorgungsspannung
0 {\ldots} 30 VDC
Eingangsspannung
-0,3 {\ldots} 6,3 VDC
Ausgangsspannung
5.00 VDC
Ausgangsstrom
$\pm$1 A},
	Author = {Adafruit},
	Date-Added = {2015-11-20 10:39:21 +0000},
	Date-Modified = {2015-11-20 10:40:21 +0000},
	Keywords = {LED},
	Title = {NEOPIXEL COOL WHITE LED},
	Url = {https://www.adafruit.com/products/2375},
	Bdsk-Url-1 = {https://www.adafruit.com/products/2375}}

@webpage{WS2812Adafruit,
	Abstract = {Allgemeines
Modellbezeichnung
stromgesteuerter PWM-Controller
Geh{\"a}use
DIP-8
Bauform
DIP-8
Temperaturbereich
0 {\ldots} 70 $\,^{\circ}$C
Ma{\ss}e
L{\"a}nge
9,8 mm
Breite
7,1 mm
H{\"o}he
4,8 mm
Elektrische Werte
Versorgungsspannung
0 {\ldots} 30 VDC
Eingangsspannung
-0,3 {\ldots} 6,3 VDC
Ausgangsspannung
5.00 VDC
Ausgangsstrom
$\pm$1 A},
	Author = {Adafruit},
	Date-Added = {2015-11-20 10:37:31 +0000},
	Date-Modified = {2015-11-20 10:38:12 +0000},
	Keywords = {LED},
	Title = {WS2812B 5050 RGB LED WITH INTEGRATED DRIVER CHIP},
	Url = {https://www.adafruit.com/products/1655},
	Bdsk-Url-1 = {https://www.adafruit.com/products/1655}}

@electronic{WS2812BDatenblatt,
	Author = {Worldsemi},
	Date-Added = {2015-11-20 10:33:01 +0000},
	Date-Modified = {2015-11-20 10:35:22 +0000},
	Keywords = {LED},
	Title = {Datenblatt der WS2812B},
	Urldate = {https://www.adafruit.com/products/1655},
	Bdsk-File-1 = {YnBsaXN0MDDUAQIDBAUGJCVYJHZlcnNpb25YJG9iamVjdHNZJGFyY2hpdmVyVCR0b3ASAAGGoKgHCBMUFRYaIVUkbnVsbNMJCgsMDxJXTlMua2V5c1pOUy5vYmplY3RzViRjbGFzc6INDoACgAOiEBGABIAFgAdccmVsYXRpdmVQYXRoWWFsaWFzRGF0YW8QJwAuAC4ALwBFAGwAZQBrAHQAcgBvAG4AaQBrAC8ARABhAHQAZQBuAGIAbABhAwgAdAB0AGUAcgAvAFcAUwAyADgAMQAyAEIALgBwAGQAZtIXCxgZV05TLmRhdGFPEQH8AAAAAAH8AAIAAANTU0QAAAAAAAAAAAAAAAAAAAAAAAAAAAAAAADPDDuMSCsAAAEWTdgLV1MyODEyQi5wZGYAAAAAAAAAAAAAAAAAAAAAAAAAAAAAAAAAAAAAAAAAAAAAAAAAAAAAAAAAAAAAAAAAAAAAARfUI9J0tSoAAAAAAAAAAAABAAMAAAkgAAAAAAAAAAAAAAAAAAAADERhdGVuYmyKdHRlcgAQAAgAAM8MLXwAAAARAAgAANJ0pxoAAAABACQBFk3YARZN1gERm9MBCVnaABL2UwAS9VQAEryeABK8fwAAAG8AAgBvU1NEOlVzZXJzOgBjaHJpc3RvZnBmYW5uZW5tdWxsZXI6AERvY3VtZW50czoAVW5pOgBGimNoZXI6AERJWToAV29yZGNsb2NrOgBFbGVrdHJvbmlrOgBEYXRlbmJsinR0ZXI6AFdTMjgxMkIucGRmAAAOABgACwBXAFMAMgA4ADEAMgBCAC4AcABkAGYADwAIAAMAUwBTAEQAEgBmVXNlcnMvY2hyaXN0b2ZwZmFubmVubXVsbGVyL0RvY3VtZW50cy9VbmkvRmHMiGNoZXIvRElZL1dvcmRjbG9jay9FbGVrdHJvbmlrL0RhdGVuYmxhzIh0dGVyL1dTMjgxMkIucGRmABMAAS8AABUAAgAc//8AAIAG0hscHR5aJGNsYXNzbmFtZVgkY2xhc3Nlc11OU011dGFibGVEYXRhox0fIFZOU0RhdGFYTlNPYmplY3TSGxwiI1xOU0RpY3Rpb25hcnmiIiBfEA9OU0tleWVkQXJjaGl2ZXLRJidUcm9vdIABAAgAEQAaACMALQAyADcAQABGAE0AVQBgAGcAagBsAG4AcQBzAHUAdwCEAI4A3wDkAOwC7ALuAvMC/gMHAxUDGQMgAykDLgM7Az4DUANTA1gAAAAAAAACAQAAAAAAAAAoAAAAAAAAAAAAAAAAAAADWg==}}

@book{MikProgBascom,
	Author = {Sommer, Ulli},
	Date-Added = {2015-11-20 10:28:40 +0000},
	Date-Modified = {2015-11-20 10:29:41 +0000},
	Publisher = {Franzis Verlag GmbH},
	Title = {Mikrocontroller programmieren in Bascom},
	Year = {2013},
	Bdsk-Url-1 = {http://site.ebrary.com/lib/erlangen/detail.action?docID=10744355}}

@book{AvrMikInC,
	Author = {Spanner, G{\"u}nter},
	Date-Added = {2015-11-20 10:25:34 +0000},
	Date-Modified = {2015-11-20 10:27:22 +0000},
	Publisher = {Franzis Verlag GmbH},
	Title = {AVR-Mikrocontroller in C programmieren},
	Url = {http://site.ebrary.com/lib/erlangen/detail.action?docID=10744302},
	Year = {2012},
	Bdsk-Url-1 = {http://site.ebrary.com/lib/erlangen/detail.action?docID=10744302}}

@book{SchSamSichla,
	Author = {Sichla, Frank},
	Date-Added = {2015-11-20 10:20:14 +0000},
	Date-Modified = {2015-11-20 10:21:22 +0000},
	Publisher = {Franzis Verlag GmbH},
	Title = {Schaltungssammlung Mikrocontroller und USB},
	Year = {2010}}

@book{AvrRiscMitter,
	Author = {Mittermayr, Roman},
	Date-Added = {2015-11-20 10:18:54 +0000},
	Date-Modified = {2015-11-20 10:20:12 +0000},
	Publisher = {Franzis Verlag GmbH},
	Title = {AVR-RISC - Embedded Software selbst entwickeln},
	Year = {2008}}

@book{MikroCBernst,
	Author = {Bernstein, Herbert},
	Date-Added = {2015-11-20 10:16:43 +0000},
	Date-Modified = {2015-11-20 10:18:43 +0000},
	Publisher = {Springer Vieweg},
	Title = {Mikrocontroller},
	Year = {2015},
	Bdsk-File-1 = {YnBsaXN0MDDUAQIDBAUGJCVYJHZlcnNpb25YJG9iamVjdHNZJGFyY2hpdmVyVCR0b3ASAAGGoKgHCBMUFRYaIVUkbnVsbNMJCgsMDxJXTlMua2V5c1pOUy5vYmplY3RzViRjbGFzc6INDoACgAOiEBGABIAFgAdccmVsYXRpdmVQYXRoWWFsaWFzRGF0YW8QIQAuAC4ALwAuAC4ALwBCAHUDCABjAGgAZQByAC8ATQBpAGsAcgBvAGMAbwBuAHQAcgBvAGwAbABlAHIALgBwAGQAZtIXCxgZV05TLmRhdGFPEQHWAAAAAAHWAAIAAANTU0QAAAAAAAAAAAAAAAAAAAAAAAAAAAAAAADPDDuMSCsAAAEX0mITTWlrcm9jb250cm9sbGVyLnBkZgAAAAAAAAAAAAAAAAAAAAAAAAAAAAAAAAAAAAAAAAAAAAAAAAAAAAAAAAAAAQelEtI9RfIAAAAAAAAAAAACAAIAAAkgAAAAAAAAAAAAAAAAAAAABkKfY2hlcgAQAAgAAM8MLXwAAAARAAgAANI9KdIAAAABABwBF9JiAQlZ2gAS9lMAEvVUABK8ngASvH8AAABvAAIAWlNTRDpVc2VyczoAY2hyaXN0b2ZwZmFubmVubXVsbGVyOgBEb2N1bWVudHM6AFVuaToARopjaGVyOgBESVk6AEKfY2hlcjoATWlrcm9jb250cm9sbGVyLnBkZgAOACgAEwBNAGkAawByAG8AYwBvAG4AdAByAG8AbABsAGUAcgAuAHAAZABmAA8ACAADAFMAUwBEABIAU1VzZXJzL2NocmlzdG9mcGZhbm5lbm11bGxlci9Eb2N1bWVudHMvVW5pL0ZhzIhjaGVyL0RJWS9CdcyIY2hlci9NaWtyb2NvbnRyb2xsZXIucGRmAAATAAEvAAAVAAIAHP//AACABtIbHB0eWiRjbGFzc25hbWVYJGNsYXNzZXNdTlNNdXRhYmxlRGF0YaMdHyBWTlNEYXRhWE5TT2JqZWN00hscIiNcTlNEaWN0aW9uYXJ5oiIgXxAPTlNLZXllZEFyY2hpdmVy0SYnVHJvb3SAAQAIABEAGgAjAC0AMgA3AEAARgBNAFUAYABnAGoAbABuAHEAcwB1AHcAhACOANMA2ADgAroCvALBAswC1QLjAucC7gL3AvwDCQMMAx4DIQMmAAAAAAAAAgEAAAAAAAAAKAAAAAAAAAAAAAAAAAAAAyg=}}

@electronic{wikiWC,
	Author = {Christof Pfannenm{\"u}ller},
	Date-Added = {2015-11-16 10:30:04 +0000},
	Date-Modified = {2015-11-16 10:30:53 +0000},
	Title = {Wordclockprojekt im Wiki der DIY Vorlesung},
	Url = {http://faui7pi.informatik.uni-erlangen.de/mediawiki/index.php/Wordclock},
	Bdsk-Url-1 = {https://github.com/pfanchri/Wordclock}}

@electronic{githubWC,
	Author = {Christof Pfannenm{\"u}ller},
	Date-Added = {2015-11-16 10:28:02 +0000},
	Date-Modified = {2015-11-16 10:29:16 +0000},
	Title = {Wordclockprojekt auf Github},
	Url = {https://github.com/pfanchri/Wordclock},
	Bdsk-Url-1 = {https://github.com/pfanchri/Wordclock}}

@url{BinUhrTatort,
	Author = {Das Erste},
	Date-Added = {2015-11-13 11:13:28 +0000},
	Date-Modified = {2015-11-13 11:14:55 +0000},
	Keywords = {Bin{\"a}r Uhr},
	Title = {Tatort Schwanensee},
	Url = {http://mediathek.daserste.de/Tatort/Schwanensee-Video-tgl-ab-20-Uhr/Das-Erste/Video?documentId=31527062&topRessort&bcastId=602916},
	Bdsk-File-1 = {YnBsaXN0MDDUAQIDBAUGJCVYJHZlcnNpb25YJG9iamVjdHNZJGFyY2hpdmVyVCR0b3ASAAGGoKgHCBMUFRYaIVUkbnVsbNMJCgsMDxJXTlMua2V5c1pOUy5vYmplY3RzViRjbGFzc6INDoACgAOiEBGABIAFgAdccmVsYXRpdmVQYXRoWWFsaWFzRGF0YW8QQgAuAC4ALwBGAHIAbwBuAHQAcABsAGEAdAB0AGUAbgAvAEIAaQBuAOQAcgB1AGgAcgAvAEIAaQBsAGQAcwBjAGgAaQByAG0AZgBvAHQAbwAgADIAMAAxADUALQAxADEALQAxADIAIAB1AG0AIAAyADIALgA0ADQALgAxADQALgBwAG4AZ9IXCxgZV05TLmRhdGFPEQJiAAAAAAJiAAIAAANTU0QAAAAAAAAAAAAAAAAAAAAAAAAAAAAAAADPDDuMSCsAAAEWUgofQmlsZHNjaGlybWZvdG8gMjAxNSMxMTVDODA3LnBuZwAAAAAAAAAAAAAAAAAAAAAAAAAAAAAAAAAAAAAAAAAAARXIB9JqxsYAAAAAAAAAAAABAAMAAAkgAAAAAAAAAAAAAAAAAAAACEJpbopydWhyABAACAAAzwwtfAAAABEACAAA0mq4tgAAAAEAJAEWUgoBEnq3ARGb0wEJWdoAEvZTABL1VAASvJ4AErx/AAAAbwACAIFTU0Q6VXNlcnM6AGNocmlzdG9mcGZhbm5lbm11bGxlcjoARG9jdW1lbnRzOgBVbmk6AEaKY2hlcjoARElZOgBXb3JkY2xvY2s6AEZyb250cGxhdHRlbjoAQmluinJ1aHI6AEJpbGRzY2hpcm1mb3RvIDIwMTUjMTE1QzgwNy5wbmcAAA4AVAApAEIAaQBsAGQAcwBjAGgAaQByAG0AZgBvAHQAbwAgADIAMAAxADUALQAxADEALQAxADIAIAB1AG0AIAAyADIALgA0ADQALgAxADQALgBwAG4AZwAPAAgAAwBTAFMARAASAIFVc2Vycy9jaHJpc3RvZnBmYW5uZW5tdWxsZXIvRG9jdW1lbnRzL1VuaS9GYcyIY2hlci9ESVkvV29yZGNsb2NrL0Zyb250cGxhdHRlbi9CaW7DpHJ1aHIvQmlsZHNjaGlybWZvdG8gMjAxNS0xMS0xMiB1bSAyMi40NC4xNC5wbmcAABMAAS8AABUAAgAc//8AAIAG0hscHR5aJGNsYXNzbmFtZVgkY2xhc3Nlc11OU011dGFibGVEYXRhox0fIFZOU0RhdGFYTlNPYmplY3TSGxwiI1xOU0RpY3Rpb25hcnmiIiBfEA9OU0tleWVkQXJjaGl2ZXLRJidUcm9vdIABAAgAEQAaACMALQAyADcAQABGAE0AVQBgAGcAagBsAG4AcQBzAHUAdwCEAI4BFQEaASIDiAOKA48DmgOjA7EDtQO8A8UDygPXA9oD7APvA/QAAAAAAAACAQAAAAAAAAAoAAAAAAAAAAAAAAAAAAAD9g==}}

@webpage{BinUhrWiki,
	Annote = {Eine bin{\"a}re Uhr stellt die aktuelle Uhrzeit bin{\"a}r mit Hilfe von bin{\"a}ren Anzeigeelementen dar. Dabei wird jede Dezimalziffer der auszugebenden Zeit analog dem BCD-Code einzeln in das Dualsystem umgerechnet und angezeigt, andere Ans{\"a}tze sind prinzipiell aber auch denkbar. Die Anzeige der Dualzahlen ist h{\"a}ufig durch Leuchtdioden (LEDs) realisiert.

Inhaltsverzeichnis  [Verbergen] 
1	Aufbau einer bin{\"a}ren Uhr
2	Lesehilfe
3	Alternative Darstellung
4	Weblinks
Aufbau einer bin{\"a}ren Uhr[Bearbeiten]
Die erste Spalte von links dient somit der Darstellung des Zehnerwertes der aktuellen Stundenzahl und kann lediglich drei Werte annehmen (0, 1 und 2), im nebenstehenden Bild ist es die 1 f{\"u}r 10 Uhr. In der zweiten Spalte sind folglich die Einerwerte der aktuellen Uhrzeit zu sehen, in diesem Fall 0. F{\"u}r die Stunden ergibt sich somit ein Wert von

1\cdot10\;\mathrm{Stunden} + 0\cdot1\;\mathrm{Stunde} = 10\;\mathrm{Stunden}.
Entsprechend sind auch die Minuten abzulesen: In der dritten Spalte sind die Zehnerwerte, in der vierten die Einerwerte der jeweiligen Uhrzeit dargestellt. Somit ergibt sich ein Wert von

3\cdot10\;\mathrm{Minuten} + 7\cdot1\;\mathrm{Minute} = 37\;\mathrm{Minuten}.
Die Darstellung der Sekunden erfolgt parallel zu der der Minuten.

Lesehilfe[Bearbeiten]
Um die jeweils angezeigte Zahl in jeder Spalte zu erkennen, werden den Reihen von unten nach oben die Werte 1, 2, 4 und 8 zugewiesen (siehe Bild). Leuchtet nun eine Leuchtdiode, so addiert man den Wert der Reihe, in der sie steht, zu denen der anderen leuchtenden Dioden in derselben Spalte.

Beispiel f{\"u}r die Minuten: In der vierten Spalte leuchten die Dioden, die f{\"u}r die Werte 1, 2 und 4 stehen. Aufsummiert ergeben diese Zahlen den Wert 7, den angezeigten Einerwert der Minuten.

Alternative Darstellung[Bearbeiten]

Bin{\"a}re Armbanduhr ohne Trennung zwischen Zehner- und Einerwerten
Bei kleineren Uhren, wie etwa bin{\"a}ren Armbanduhren, erfolgt die Darstellung h{\"a}ufig in drei Spalten, die wie folgt angelegt sind:

Potenz	Stunden	Minuten	Sekunden
32	0	0	1
16	0	1	1
8	1	0	0
4	0	0	0
2	1	0	0
1	0	1	0
Dezimal	10:	17:	48
Es f{\"a}llt also die Trennung zwischen Zehner- und Einerwerten weg. Auf diesen Uhren werden die Stunden-, Minuten- und Sekundenzahlen im herk{\"o}mmlichen Dualzahlensystem dargestellt, dadurch werden 2 Zeilen mehr und 3 Spalten weniger ben{\"o}tigt. Dieses System ist dem reinen Bin{\"a}rsystem verwandter; die Trennung in Einer und Zehner geht auf das Binary Coded Decimal-System zur{\"u}ck.

},
	Author = {Wikipedia},
	Date-Added = {2015-11-13 11:11:14 +0000},
	Date-Modified = {2015-11-13 11:13:26 +0000},
	Title = {Bin{\"a}re Uhr},
	Url = {https://de.wikipedia.org/wiki/Bin√§re_Uhr},
	Bdsk-File-1 = {YnBsaXN0MDDUAQIDBAUGJCVYJHZlcnNpb25YJG9iamVjdHNZJGFyY2hpdmVyVCR0b3ASAAGGoKgHCBMUFRYaIVUkbnVsbNMJCgsMDxJXTlMua2V5c1pOUy5vYmplY3RzViRjbGFzc6INDoACgAOiEBGABIAFgAdccmVsYXRpdmVQYXRoWWFsaWFzRGF0YW8QLwAuAC4ALwBGAHIAbwBuAHQAcABsAGEAdAB0AGUAbgAvAEIAaQBuAOQAcgB1AGgAcgAvADUAMAAwAHAAeAAtAEIAaQBuAGEAcgB5AF8AYwBsAG8AYwBrAC4AcABuAGfSFwsYGVdOUy5kYXRhTxECHgAAAAACHgACAAADU1NEAAAAAAAAAAAAAAAAAAAAAAAAAAAAAAAAzww7jEgrAAABFlIKFjUwMHB4LUJpbmFyeV9jbG9jay5wbmcAAAAAAAAAAAAAAAAAAAAAAAAAAAAAAAAAAAAAAAAAAAAAAAAAAAAAAAEUhSLSZsCpAAAAAAAAAAAAAQADAAAJIAAAAAAAAAAAAAAAAAAAAAhCaW6KcnVocgAQAAgAAM8MLXwAAAARAAgAANJmspkAAAABACQBFlIKARJ6twERm9MBCVnaABL2UwAS9VQAEryeABK8fwAAAG8AAgB4U1NEOlVzZXJzOgBjaHJpc3RvZnBmYW5uZW5tdWxsZXI6AERvY3VtZW50czoAVW5pOgBGimNoZXI6AERJWToAV29yZGNsb2NrOgBGcm9udHBsYXR0ZW46AEJpbopydWhyOgA1MDBweC1CaW5hcnlfY2xvY2sucG5nAA4ALgAWADUAMAAwAHAAeAAtAEIAaQBuAGEAcgB5AF8AYwBsAG8AYwBrAC4AcABuAGcADwAIAAMAUwBTAEQAEgBuVXNlcnMvY2hyaXN0b2ZwZmFubmVubXVsbGVyL0RvY3VtZW50cy9VbmkvRmHMiGNoZXIvRElZL1dvcmRjbG9jay9Gcm9udHBsYXR0ZW4vQmluw6RydWhyLzUwMHB4LUJpbmFyeV9jbG9jay5wbmcAEwABLwAAFQACABz//wAAgAbSGxwdHlokY2xhc3NuYW1lWCRjbGFzc2VzXU5TTXV0YWJsZURhdGGjHR8gVk5TRGF0YVhOU09iamVjdNIbHCIjXE5TRGljdGlvbmFyeaIiIF8QD05TS2V5ZWRBcmNoaXZlctEmJ1Ryb290gAEACAARABoAIwAtADIANwBAAEYATQBVAGAAZwBqAGwAbgBxAHMAdQB3AIQAjgDvAPQA/AMeAyADJQMwAzkDRwNLA1IDWwNgA20DcAOCA4UDigAAAAAAAAIBAAAAAAAAACgAAAAAAAAAAAAAAAAAAAOM},
	Bdsk-File-2 = {YnBsaXN0MDDUAQIDBAUGJCVYJHZlcnNpb25YJG9iamVjdHNZJGFyY2hpdmVyVCR0b3ASAAGGoKgHCBMUFRYaIVUkbnVsbNMJCgsMDxJXTlMua2V5c1pOUy5vYmplY3RzViRjbGFzc6INDoACgAOiEBGABIAFgAdccmVsYXRpdmVQYXRoWWFsaWFzRGF0YW8QKQAuAC4ALwBGAHIAbwBuAHQAcABsAGEAdAB0AGUAbgAvAEIAaQBuAOQAcgB1AGgAcgAvAEIAaQBuAGEAcgB5AF8AYwBsAG8AYwBrAC4AcwB2AGfSFwsYGVdOUy5kYXRhTxECBgAAAAACBgACAAADU1NEAAAAAAAAAAAAAAAAAAAAAAAAAAAAAAAAzww7jEgrAAABFlIKEEJpbmFyeV9jbG9jay5zdmcAAAAAAAAAAAAAAAAAAAAAAAAAAAAAAAAAAAAAAAAAAAAAAAAAAAAAAAAAAAAAAAEUhTPOc/fMAAAAAAAAAAAAAQADAAAJIAAAAAAAAAAAAAAAAAAAAAhCaW6KcnVocgAQAAgAAM8MLXwAAAARAAgAAM5z26wAAAABACQBFlIKARJ6twERm9MBCVnaABL2UwAS9VQAEryeABK8fwAAAG8AAgByU1NEOlVzZXJzOgBjaHJpc3RvZnBmYW5uZW5tdWxsZXI6AERvY3VtZW50czoAVW5pOgBGimNoZXI6AERJWToAV29yZGNsb2NrOgBGcm9udHBsYXR0ZW46AEJpbopydWhyOgBCaW5hcnlfY2xvY2suc3ZnAA4AIgAQAEIAaQBuAGEAcgB5AF8AYwBsAG8AYwBrAC4AcwB2AGcADwAIAAMAUwBTAEQAEgBoVXNlcnMvY2hyaXN0b2ZwZmFubmVubXVsbGVyL0RvY3VtZW50cy9VbmkvRmHMiGNoZXIvRElZL1dvcmRjbG9jay9Gcm9udHBsYXR0ZW4vQmluw6RydWhyL0JpbmFyeV9jbG9jay5zdmcAEwABLwAAFQACABz//wAAgAbSGxwdHlokY2xhc3NuYW1lWCRjbGFzc2VzXU5TTXV0YWJsZURhdGGjHR8gVk5TRGF0YVhOU09iamVjdNIbHCIjXE5TRGljdGlvbmFyeaIiIF8QD05TS2V5ZWRBcmNoaXZlctEmJ1Ryb290gAEACAARABoAIwAtADIANwBAAEYATQBVAGAAZwBqAGwAbgBxAHMAdQB3AIQAjgDjAOgA8AL6AvwDAQMMAxUDIwMnAy4DNwM8A0kDTANeA2EDZgAAAAAAAAIBAAAAAAAAACgAAAAAAAAAAAAAAAAAAANo}}

@webpage{MikroCwordclockAllOnOne,
	Author = {Mikrocontroller.net},
	Date-Added = {2015-11-13 11:06:00 +0000},
	Date-Modified = {2015-11-13 11:06:55 +0000},
	Title = {Word Clock - All-On-One-Platine},
	Url = {https://www.mikrocontroller.net/articles/Word_Clock_Variante_2},
	Bdsk-Url-1 = {https://www.mikrocontroller.net/articles/Word_Clock},
	Bdsk-Url-2 = {https://www.mikrocontroller.net/articles/Word_Clock_Variante_2}}

@webpage{MikroCwordclockGetrStPl,
	Author = {Mikrocontroller.net},
	Date-Added = {2015-11-13 11:05:15 +0000},
	Date-Modified = {2015-11-13 11:05:54 +0000},
	Title = {Word Clock - getrennte Steuerplatine},
	Url = {https://www.mikrocontroller.net/articles/Word_Clock_Variante_1_-_getrennte_Steuerplatine},
	Bdsk-Url-1 = {https://www.mikrocontroller.net/articles/Word_Clock},
	Bdsk-Url-2 = {https://www.mikrocontroller.net/articles/Word_Clock_Variante_1_-_getrennte_Steuerplatine}}

@webpage{MikroCwordclockSteuerAnzeigesch,
	Author = {Mikrocontroller.net},
	Date-Added = {2015-11-13 11:03:37 +0000},
	Date-Modified = {2015-11-13 11:08:01 +0000},
	Title = {Word Clock - Steuer und Anzeige-Schaltung},
	Url = {https://www.mikrocontroller.net/articles/Word_Clock_Variante_1},
	Bdsk-Url-1 = {https://www.mikrocontroller.net/articles/Word_Clock},
	Bdsk-Url-2 = {https://www.mikrocontroller.net/articles/Word_Clock_Variante_1}}

@webpage{MikroCwordclock,
	Author = {Mikrocontroller.net},
	Date-Added = {2015-11-13 11:02:23 +0000},
	Date-Modified = {2015-11-13 11:03:30 +0000},
	Title = {Word Clock},
	Url = {https://www.mikrocontroller.net/articles/Word_Clock},
	Bdsk-Url-1 = {https://www.mikrocontroller.net/articles/Word_Clock}}

@webpage{qlocktwo,
	Author = {BIEGERT & FUNK},
	Date-Added = {2015-11-13 11:00:11 +0000},
	Date-Modified = {2015-11-13 11:01:41 +0000},
	Title = {Webseite von qlocktwo},
	Url = {http://www.qlocktwo.com/index.php?lang=de},
	Bdsk-Url-1 = {http://www.qlocktwo.com/index.php?lang=de}}

@electronic{PWM2Datenblatt,
	Author = {Texas Instruments},
	Date-Added = {2015-11-13 10:58:56 +0000},
	Date-Modified = {2015-11-13 10:59:52 +0000},
	Keywords = {PWM},
	Title = {Datenblatt des UC2842N UC2843N UC2844N UC2845N},
	Urldate = {http://www.reichelt.de/UC-2845N/3/index.html?&ACTION=3&LA=446&ARTICLE=21958&artnr=UC+2845N&SEARCH=stromgesteuerter+PWM-Controller},
	Bdsk-File-1 = {YnBsaXN0MDDUAQIDBAUGJCVYJHZlcnNpb25YJG9iamVjdHNZJGFyY2hpdmVyVCR0b3ASAAGGoKgHCBMUFRYaIVUkbnVsbNMJCgsMDxJXTlMua2V5c1pOUy5vYmplY3RzViRjbGFzc6INDoACgAOiEBGABIAFgAdccmVsYXRpdmVQYXRoWWFsaWFzRGF0YW8QQwAuAC4ALwBFAGwAZQBrAHQAcgBvAG4AaQBrAC8ARABhAHQAZQBuAGIAbABhAwgAdAB0AGUAcgAvAFUAQwAyADgANAAyAE4AXwBVAEMAMgA4ADQAMwBOAF8AVQBDADIAOAA0ADQATgBfAFUAQwAyADgANAA1AE4AIwBUAEUAWAAuAHAAZABm0hcLGBlXTlMuZGF0YU8RAmQAAAAAAmQAAgAAA1NTRAAAAAAAAAAAAAAAAAAAAAAAAAAAAAAAAM8MO4xIKwAAARZN2B9VQzI4NDJOX1VDMjg0M05fVUMyIzExNjUwQzIucGRmAAAAAAAAAAAAAAAAAAAAAAAAAAAAAAAAAAAAAAAAAAABFlDC0muAYAAAAAAAAAAAAAEAAwAACSAAAAAAAAAAAAAAAAAAAAAMRGF0ZW5ibIp0dGVyABAACAAAzwwtfAAAABEACAAA0mtyUAAAAAEAJAEWTdgBFk3WARGb0wEJWdoAEvZTABL1VAASvJ4AErx/AAAAbwACAINTU0Q6VXNlcnM6AGNocmlzdG9mcGZhbm5lbm11bGxlcjoARG9jdW1lbnRzOgBVbmk6AEaKY2hlcjoARElZOgBXb3JkY2xvY2s6AEVsZWt0cm9uaWs6AERhdGVuYmyKdHRlcjoAVUMyODQyTl9VQzI4NDNOX1VDMiMxMTY1MEMyLnBkZgAADgBQACcAVQBDADIAOAA0ADIATgBfAFUAQwAyADgANAAzAE4AXwBVAEMAMgA4ADQANABOAF8AVQBDADIAOAA0ADUATgAjAFQARQBYAC4AcABkAGYADwAIAAMAUwBTAEQAEgCCVXNlcnMvY2hyaXN0b2ZwZmFubmVubXVsbGVyL0RvY3VtZW50cy9VbmkvRmHMiGNoZXIvRElZL1dvcmRjbG9jay9FbGVrdHJvbmlrL0RhdGVuYmxhzIh0dGVyL1VDMjg0Mk5fVUMyODQzTl9VQzI4NDROX1VDMjg0NU4jVEVYLnBkZgATAAEvAAAVAAIAHP//AACABtIbHB0eWiRjbGFzc25hbWVYJGNsYXNzZXNdTlNNdXRhYmxlRGF0YaMdHyBWTlNEYXRhWE5TT2JqZWN00hscIiNcTlNEaWN0aW9uYXJ5oiIgXxAPTlNLZXllZEFyY2hpdmVy0SYnVHJvb3SAAQAIABEAGgAjAC0AMgA3AEAARgBNAFUAYABnAGoAbABuAHEAcwB1AHcAhACOARcBHAEkA4wDjgOTA54DpwO1A7kDwAPJA84D2wPeA/AD8wP4AAAAAAAAAgEAAAAAAAAAKAAAAAAAAAAAAAAAAAAAA/o=}}

@electronic{PWM1Datenblatt,
	Author = {STMicroelectronics},
	Date-Added = {2015-11-13 10:56:51 +0000},
	Date-Modified = {2015-11-13 10:58:49 +0000},
	Keywords = {PWM},
	Title = {Datenblatt des UC2842N UC2843N UC2844N UC2845N},
	Urldate = {http://www.reichelt.de/UC-2845N/3/index.html?&ACTION=3&LA=446&ARTICLE=21958&artnr=UC+2845N&SEARCH=stromgesteuerter+PWM-Controller},
	Bdsk-File-1 = {YnBsaXN0MDDUAQIDBAUGJCVYJHZlcnNpb25YJG9iamVjdHNZJGFyY2hpdmVyVCR0b3ASAAGGoKgHCBMUFRYaIVUkbnVsbNMJCgsMDxJXTlMua2V5c1pOUy5vYmplY3RzViRjbGFzc6INDoACgAOiEBGABIAFgAdccmVsYXRpdmVQYXRoWWFsaWFzRGF0YW8QQwAuAC4ALwBFAGwAZQBrAHQAcgBvAG4AaQBrAC8ARABhAHQAZQBuAGIAbABhAwgAdAB0AGUAcgAvAFUAQwAyADgANAAyAE4AXwBVAEMAMgA4ADQAMwBOAF8AVQBDADIAOAA0ADQATgBfAFUAQwAyADgANAA1AE4AIwBTAFQATQAuAHAAZABm0hcLGBlXTlMuZGF0YU8RAmQAAAAAAmQAAgAAA1NTRAAAAAAAAAAAAAAAAAAAAAAAAAAAAAAAAM8MO4xIKwAAARZN2B9VQzI4NDJOX1VDMjg0M05fVUMyIzExNjUwQzAucGRmAAAAAAAAAAAAAAAAAAAAAAAAAAAAAAAAAAAAAAAAAAABFlDA0muAXgAAAAAAAAAAAAEAAwAACSAAAAAAAAAAAAAAAAAAAAAMRGF0ZW5ibIp0dGVyABAACAAAzwwtfAAAABEACAAA0mtyTgAAAAEAJAEWTdgBFk3WARGb0wEJWdoAEvZTABL1VAASvJ4AErx/AAAAbwACAINTU0Q6VXNlcnM6AGNocmlzdG9mcGZhbm5lbm11bGxlcjoARG9jdW1lbnRzOgBVbmk6AEaKY2hlcjoARElZOgBXb3JkY2xvY2s6AEVsZWt0cm9uaWs6AERhdGVuYmyKdHRlcjoAVUMyODQyTl9VQzI4NDNOX1VDMiMxMTY1MEMwLnBkZgAADgBQACcAVQBDADIAOAA0ADIATgBfAFUAQwAyADgANAAzAE4AXwBVAEMAMgA4ADQANABOAF8AVQBDADIAOAA0ADUATgAjAFMAVABNAC4AcABkAGYADwAIAAMAUwBTAEQAEgCCVXNlcnMvY2hyaXN0b2ZwZmFubmVubXVsbGVyL0RvY3VtZW50cy9VbmkvRmHMiGNoZXIvRElZL1dvcmRjbG9jay9FbGVrdHJvbmlrL0RhdGVuYmxhzIh0dGVyL1VDMjg0Mk5fVUMyODQzTl9VQzI4NDROX1VDMjg0NU4jU1RNLnBkZgATAAEvAAAVAAIAHP//AACABtIbHB0eWiRjbGFzc25hbWVYJGNsYXNzZXNdTlNNdXRhYmxlRGF0YaMdHyBWTlNEYXRhWE5TT2JqZWN00hscIiNcTlNEaWN0aW9uYXJ5oiIgXxAPTlNLZXllZEFyY2hpdmVy0SYnVHJvb3SAAQAIABEAGgAjAC0AMgA3AEAARgBNAFUAYABnAGoAbABuAHEAcwB1AHcAhACOARcBHAEkA4wDjgOTA54DpwO1A7kDwAPJA84D2wPeA/AD8wP4AAAAAAAAAgEAAAAAAAAAKAAAAAAAAAAAAAAAAAAAA/o=}}

@webpage{PWMReichelt,
	Abstract = {Allgemeines
Modellbezeichnung
stromgesteuerter PWM-Controller
Geh{\"a}use
DIP-8
Bauform
DIP-8
Temperaturbereich
0 {\ldots} 70 $\,^{\circ}$C
Ma{\ss}e
L{\"a}nge
9,8 mm
Breite
7,1 mm
H{\"o}he
4,8 mm
Elektrische Werte
Versorgungsspannung
0 {\ldots} 30 VDC
Eingangsspannung
-0,3 {\ldots} 6,3 VDC
Ausgangsspannung
5.00 VDC
Ausgangsstrom
$\pm$1 A},
	Author = {reichelt elektronik GmbH},
	Date-Added = {2015-11-13 10:54:42 +0000},
	Date-Modified = {2015-11-13 10:55:51 +0000},
	Keywords = {Reichelt Webseite},
	Title = {UC 2845N: PWM-Controller, DIP-8},
	Url = {http://www.reichelt.de/UC-2845N/3/index.html?&ACTION=3&LA=446&ARTICLE=21958&artnr=UC+2845N&SEARCH=stromgesteuerter+PWM-Controller},
	Bdsk-Url-1 = {http://www.reichelt.de/Real-Time-Clock/DS-1337/3/index.html?ACTION=3&GROUPID=2949&ARTICLE=58151&OFFSET=500&WKID=0&},
	Bdsk-Url-2 = {http://www.reichelt.de/UC-2845N/3/index.html?&ACTION=3&LA=446&ARTICLE=21958&artnr=UC+2845N&SEARCH=stromgesteuerter+PWM-Controller}}

@electronic{SchieberegisterDatenblatt,
	Author = {Philips},
	Date-Added = {2015-11-13 10:52:09 +0000},
	Date-Modified = {2015-11-13 10:53:29 +0000},
	Keywords = {Schieberegister},
	Title = {Datenblatt des 74HC595 & 74HCT595},
	Urldate = {http://www.reichelt.de/SMD-HC-595/3/index.html?&ACTION=3&LA=446&ARTICLE=56622&artnr=SMD+HC+595&SEARCH=74HC+595},
	Bdsk-File-1 = {YnBsaXN0MDDUAQIDBAUGJCVYJHZlcnNpb25YJG9iamVjdHNZJGFyY2hpdmVyVCR0b3ASAAGGoKgHCBMUFRYaIVUkbnVsbNMJCgsMDxJXTlMua2V5c1pOUy5vYmplY3RzViRjbGFzc6INDoACgAOiEBGABIAFgAdccmVsYXRpdmVQYXRoWWFsaWFzRGF0YW8QKgAuAC4ALwBFAGwAZQBrAHQAcgBvAG4AaQBrAC8ARABhAHQAZQBuAGIAbABhAwgAdAB0AGUAcgAvAHMAbQBkAF8AaABjAF8ANQA5ADUALgBwAGQAZtIXCxgZV05TLmRhdGFPEQIIAAAAAAIIAAIAAANTU0QAAAAAAAAAAAAAAAAAAAAAAAAAAAAAAADPDDuMSCsAAAEWTdgOc21kX2hjXzU5NS5wZGYAAAAAAAAAAAAAAAAAAAAAAAAAAAAAAAAAAAAAAAAAAAAAAAAAAAAAAAAAAAAAAAAAARZQm9Jrf08AAAAAAAAAAAABAAMAAAkgAAAAAAAAAAAAAAAAAAAADERhdGVuYmyKdHRlcgAQAAgAAM8MLXwAAAARAAgAANJrcT8AAAABACQBFk3YARZN1gERm9MBCVnaABL2UwAS9VQAEryeABK8fwAAAG8AAgByU1NEOlVzZXJzOgBjaHJpc3RvZnBmYW5uZW5tdWxsZXI6AERvY3VtZW50czoAVW5pOgBGimNoZXI6AERJWToAV29yZGNsb2NrOgBFbGVrdHJvbmlrOgBEYXRlbmJsinR0ZXI6AHNtZF9oY181OTUucGRmAA4AHgAOAHMAbQBkAF8AaABjAF8ANQA5ADUALgBwAGQAZgAPAAgAAwBTAFMARAASAGlVc2Vycy9jaHJpc3RvZnBmYW5uZW5tdWxsZXIvRG9jdW1lbnRzL1VuaS9GYcyIY2hlci9ESVkvV29yZGNsb2NrL0VsZWt0cm9uaWsvRGF0ZW5ibGHMiHR0ZXIvc21kX2hjXzU5NS5wZGYAABMAAS8AABUAAgAc//8AAIAG0hscHR5aJGNsYXNzbmFtZVgkY2xhc3Nlc11OU011dGFibGVEYXRhox0fIFZOU0RhdGFYTlNPYmplY3TSGxwiI1xOU0RpY3Rpb25hcnmiIiBfEA9OU0tleWVkQXJjaGl2ZXLRJidUcm9vdIABAAgAEQAaACMALQAyADcAQABGAE0AVQBgAGcAagBsAG4AcQBzAHUAdwCEAI4A5QDqAPIC/gMAAwUDEAMZAycDKwMyAzsDQANNA1ADYgNlA2oAAAAAAAACAQAAAAAAAAAoAAAAAAAAAAAAAAAAAAADbA==}}

@webpage{SchieberegisterReichelt,
	Abstract = {Allgemeines
Modellbezeichnung
Schieberegister
Typ
3-State Ausgang
Geh{\"a}use
SO-16
Bauform
M74HC595
Temperaturbereich
-40 ... +85 $\,^{\circ}$C
Ausf{\"u}hrung
8-Bit
Elektrische Werte
Versorgungsspannung
2 - 6 VDC
Eingangsspannung Vi
0 - 6 VDC
Eingangsspannung ViH
4,2 VDC
Eingangsspannung ViL
0,5 VDC
Leistung
500 mW},
	Author = {reichelt elektronik GmbH},
	Date-Added = {2015-11-13 10:49:08 +0000},
	Date-Modified = {2015-11-13 10:50:39 +0000},
	Keywords = {Reichelt Webseite},
	Title = {SMD HC 595: HIGH-SPEED CMOS SO-16},
	Url = {http://www.reichelt.de/SMD-HC-595/3/index.html?&ACTION=3&LA=446&ARTICLE=56622&artnr=SMD+HC+595&SEARCH=74HC+595},
	Bdsk-Url-1 = {http://www.reichelt.de/Real-Time-Clock/DS-1337/3/index.html?ACTION=3&GROUPID=2949&ARTICLE=58151&OFFSET=500&WKID=0&},
	Bdsk-Url-2 = {http://www.reichelt.de/SMD-HC-595/3/index.html?&ACTION=3&LA=446&ARTICLE=56622&artnr=SMD+HC+595&SEARCH=74HC+595}}

@electronic{RTCDatenblatt,
	Author = {Dallas Semiconductor},
	Date-Added = {2015-11-13 10:18:05 +0000},
	Date-Modified = {2015-11-13 10:24:53 +0000},
	Keywords = {Real-Time Clock (RTC)},
	Title = {Datenblatt des DS1337},
	Urldate = {http://cdn-reichelt.de/documents/datenblatt/A200/DS1337_DAL.pdf},
	Bdsk-File-1 = {YnBsaXN0MDDUAQIDBAUGJCVYJHZlcnNpb25YJG9iamVjdHNZJGFyY2hpdmVyVCR0b3ASAAGGoKgHCBMUFRYaIVUkbnVsbNMJCgsMDxJXTlMua2V5c1pOUy5vYmplY3RzViRjbGFzc6INDoACgAOiEBGABIAFgAdccmVsYXRpdmVQYXRoWWFsaWFzRGF0YW8QKgAuAC4ALwBFAGwAZQBrAHQAcgBvAG4AaQBrAC8ARABhAHQAZQBuAGIAbABhAwgAdAB0AGUAcgAvAEQAUwAxADMAMwA3AF8ARABBAEwALgBwAGQAZtIXCxgZV05TLmRhdGFPEQIIAAAAAAIIAAIAAANTU0QAAAAAAAAAAAAAAAAAAAAAAAAAAAAAAADPDDuMSCsAAAEWTdgORFMxMzM3X0RBTC5wZGYAAAAAAAAAAAAAAAAAAAAAAAAAAAAAAAAAAAAAAAAAAAAAAAAAAAAAAAAAAAAAAAAAARZN29Jrd2QAAAAAAAAAAAABAAMAAAkgAAAAAAAAAAAAAAAAAAAADERhdGVuYmyKdHRlcgAQAAgAAM8MLXwAAAARAAgAANJraVQAAAABACQBFk3YARZN1gERm9MBCVnaABL2UwAS9VQAEryeABK8fwAAAG8AAgByU1NEOlVzZXJzOgBjaHJpc3RvZnBmYW5uZW5tdWxsZXI6AERvY3VtZW50czoAVW5pOgBGimNoZXI6AERJWToAV29yZGNsb2NrOgBFbGVrdHJvbmlrOgBEYXRlbmJsinR0ZXI6AERTMTMzN19EQUwucGRmAA4AHgAOAEQAUwAxADMAMwA3AF8ARABBAEwALgBwAGQAZgAPAAgAAwBTAFMARAASAGlVc2Vycy9jaHJpc3RvZnBmYW5uZW5tdWxsZXIvRG9jdW1lbnRzL1VuaS9GYcyIY2hlci9ESVkvV29yZGNsb2NrL0VsZWt0cm9uaWsvRGF0ZW5ibGHMiHR0ZXIvRFMxMzM3X0RBTC5wZGYAABMAAS8AABUAAgAc//8AAIAG0hscHR5aJGNsYXNzbmFtZVgkY2xhc3Nlc11OU011dGFibGVEYXRhox0fIFZOU0RhdGFYTlNPYmplY3TSGxwiI1xOU0RpY3Rpb25hcnmiIiBfEA9OU0tleWVkQXJjaGl2ZXLRJidUcm9vdIABAAgAEQAaACMALQAyADcAQABGAE0AVQBgAGcAagBsAG4AcQBzAHUAdwCEAI4A5QDqAPIC/gMAAwUDEAMZAycDKwMyAzsDQANNA1ADYgNlA2oAAAAAAAACAQAAAAAAAAAoAAAAAAAAAAAAAAAAAAADbA==}}

@webpage{RTCReichelt,
	Abstract = {Allgemeines
Modellbezeichnung
Real Time Clock
Typ
Echtzeituhr
Technologie
RTC
Ausf{\"u}hrung
Arlam RCT
Bauform
DIP-8
Temperaturbereich
-40 ... +85 $\,^{\circ}$C
Ausf{\"u}hrung
I/O-Pins
2
Internal Oscillator
integriert
Bus Standard
2-wire
Hold-Funktion
0,9 ¬µs
Elektrische Werte
Versorgungsspannung
1,8 - 5,5 VDC
Stromverbrauch
150 ¬µA mA
Messbereiche
Frequenz
32,768 kHz},
	Author = {reichelt elektronik GmbH},
	Date-Added = {2015-11-13 10:15:57 +0000},
	Date-Modified = {2015-11-13 10:51:14 +0000},
	Keywords = {Reichelt Webseite},
	Title = {DS 1337: Real Time Clock 2x Time-of-Day-Alarm, DIP-8},
	Url = {http://www.reichelt.de/Real-Time-Clock/DS-1337/3/index.html?ACTION=3&GROUPID=2949&ARTICLE=58151&OFFSET=500&WKID=0&},
	Bdsk-Url-1 = {http://www.reichelt.de/Real-Time-Clock/DS-1337/3/index.html?ACTION=3&GROUPID=2949&ARTICLE=58151&OFFSET=500&WKID=0&}}
